@article{clic2016updated,
  title={Updated baseline for a staged Compact Linear Collider},
  author={CLIC, The and Boland, MJ and Felzmann, U and Giansiracusa, PJ and Lucas, TG and Rassool, RP and Balazs, C and Charles, TK and Afanaciev, K and Emeliantchik, I and others},
  journal={arXiv preprint arXiv:1608.07537},
  year={2016}
}

@article{bonvicini1989first,
  title={First observation of beamstrahlung},
  author={Bonvicini, Giovanni and Gero, E and Frey, R and Koska, W and Field, C and Phinney, N and Minten, A},
  journal={Physical review letters},
  volume={62},
  number={20},
  pages={2381},
  year={1989},
  publisher={APS}
}

@article{abramowicz2017higgs,
  title={Higgs physics at the CLIC electron--positron linear collider},
  author={Abramowicz, H and Abusleme, A and Afanaciev, K and Tehrani, N Alipour and Bal{\'a}zs, C and Benhammou, Y and Benoit, M and Bilki, B and Blaising, J-J and Boland, MJ and others},
  journal={The European Physical Journal C},
  volume={77},
  number={7},
  pages={475},
  year={2017},
  publisher={Springer}
}

@article{aitchison2005supersymmetry,
  title={Supersymmetry and the MSSM: An Elementary introduction},
  author={Aitchison, Ian JR},
  journal={arXiv preprint hep-ph/0505105},
  year={2005}
}


